<?xml version="1.0" encoding="UTF-8"?><collection xmlns="http://www.loc.gov/MARC21/slim"><record><leader>00599nam--2200193-i-4500</leader><controlfield tag="001">000031194</controlfield><controlfield tag="002">20161230</controlfield><controlfield tag="005">20161230201038</controlfield><controlfield tag="008">060222s1000------------r-----000-0-fre-d</controlfield><datafield ind1=" " ind2=" " tag="040"><subfield code="a">IFIN-HH</subfield></datafield><datafield ind1=" " ind2=" " tag="041"><subfield code="a">fre</subfield></datafield><datafield ind1=" " ind2=" " tag="080"><subfield code="a">539.163.2</subfield></datafield><datafield ind1="1" ind2=" " tag="100"><subfield code="a">Melkanoff, M.A./S.A.</subfield></datafield><datafield ind1="1" ind2="0" tag="245"><subfield code="a">Calculs de spectroscopie nucleaire avec les etats du continu appliques a la resonance geante de o16</subfield><subfield code="c">M.a. melkanoff, j. raynal, t. sawada</subfield></datafield><datafield ind1=" " ind2=" " tag="260"><subfield code="a">Saclay, France</subfield><subfield code="b">Commissariat A L`Energie Atomique</subfield><subfield code="c">1967</subfield></datafield><datafield ind1=" " ind2=" " tag="300"><subfield code="a">78P</subfield></datafield><datafield ind1="1" ind2=" " tag="700"><subfield code="a">Sawada, T</subfield></datafield><datafield ind1=" " ind2=" " tag="852"><subfield code="a">25402</subfield><subfield code="c">539.163.2</subfield></datafield><datafield ind1=" " ind2=" " tag="CAT"><subfield code="a">Sys</subfield><subfield code="c">20120523</subfield><subfield code="h">095104</subfield></datafield></record></collection>